<?xml version="1.0" encoding="UTF-8"?>
<record xmlns="http://www.loc.gov/MARC21/slim" xmlns:xsi="http://www.w3.org/2001/XMLSchema-instance" xsi:schemaLocation="http://www.loc.gov/MARC21/slim http://www.loc.gov/standards/marcxml/schema/MARC21slim.xsd">
<leader>     nam a2200361 a 4500</leader>
<controlfield tag="001">001658779</controlfield>
<controlfield tag="003">NNU</controlfield>
<controlfield tag="005">20061010170910.0</controlfield>
<controlfield tag="008">001009m19629999iq b     b    000 0 arar</controlfield>
<datafield tag="010" ind1=" " ind2=" ">
<subfield code="a">65001389 /NE</subfield>
</datafield>
<datafield tag="035" ind1="9" ind2=" ">
<subfield code="a">NYUb12196925</subfield>
</datafield>
<datafield tag="035" ind1=" " ind2=" ">
<subfield code="a">(CStRLIN)NYUG00-B3539</subfield>
</datafield>
<datafield tag="040" ind1=" " ind2=" ">
<subfield code="c">MiU</subfield>
<subfield code="d">MiU</subfield>
<subfield code="d">NNU</subfield>
</datafield>
<datafield tag="043" ind1=" " ind2=" ">
<subfield code="a">a-iq---</subfield>
</datafield>
<datafield tag="050" ind1=" " ind2=" ">
<subfield code="a">DS69.5</subfield>
<subfield code="b">.B3</subfield>
</datafield>
<datafield tag="066" ind1=" " ind2=" ">
<subfield code="c">(3</subfield>
</datafield>
<datafield tag="090" ind1=" " ind2=" ">
<subfield code="a">DS69.5</subfield>
<subfield code="b">.B3</subfield>
</datafield>
<datafield tag="100" ind1="1" ind2=" ">
<subfield code="6">880-01</subfield>
<subfield code="a">Bāqir, Ṭāhā.</subfield>
</datafield>
<datafield tag="245" ind1="1" ind2="3">
<subfield code="6">880-02</subfield>
<subfield code="a">al-Murshid ilá mawāṭin al-āthār wa-al-ḥaḍārah /</subfield>
<subfield code="c">taʼlīf Ṭāhā Bāqir wa-Fuʼād Safar.</subfield>
</datafield>
<datafield tag="260" ind1=" " ind2=" ">
<subfield code="6">880-03</subfield>
<subfield code="a">Baghdad̄ :</subfield>
<subfield code="b">Wizārat al-Irshād, Mudīrīyat al-Funūn wa-al-Thaqāfah al-Shaʻbīyah,</subfield>
<subfield code="c">1962-</subfield>
</datafield>
<datafield tag="300" ind1=" " ind2=" ">
<subfield code="a">v. :</subfield>
<subfield code="b">col. map, plan ;</subfield>
<subfield code="c">21 cm.</subfield>
</datafield>
<datafield tag="490" ind1="0" ind2=" ">
<subfield code="6">880-04</subfield>
<subfield code="a">Silsilat al-thaqāfah al-shaʻbiyāh ;</subfield>
<subfield code="v">45</subfield>
</datafield>
<datafield tag="504" ind1=" " ind2=" ">
<subfield code="a">Bibliography: v. 1, p. 28-30.</subfield>
</datafield>
<datafield tag="505" ind1="1" ind2=" ">
<subfield code="a">Riḥlat 1. Baghdād, ʻunnah, al-qāʼim</subfield>
</datafield>
<datafield tag="651" ind1=" " ind2="0">
<subfield code="a">Iraq</subfield>
<subfield code="x">Antiquities.</subfield>
</datafield>
<datafield tag="650" ind1=" " ind2="0">
<subfield code="a">Excavations (Archaeology)</subfield>
<subfield code="z">Iraq.</subfield>
</datafield>
<datafield tag="650" ind1=" " ind2="0">
<subfield code="a">Extinct cities</subfield>
<subfield code="z">Iraq.</subfield>
</datafield>
<datafield tag="700" ind1="1" ind2=" ">
<subfield code="6">880-05</subfield>
<subfield code="a">Safar, Fuʼād.</subfield>
</datafield>
<datafield tag="880" ind1="1" ind2=" ">
<subfield code="6">100-01/</subfield>
<subfield code="a">باقر، طه.</subfield>
</datafield>
<datafield tag="880" ind1="1" ind2="2">
<subfield code="6">245-02/</subfield>
<subfield code="a">المرشد الى مواطن الآثار والحضارة /</subfield>
<subfield code="c">تأليف طه باقر وفؤاد سفر.</subfield>
</datafield>
<datafield tag="880" ind1=" " ind2=" ">
<subfield code="6">260-03/</subfield>
<subfield code="a">بغداد :</subfield>
<subfield code="b">وزارة الارشاد، مديرية الفنون والثقافة الشعبية،</subfield>
<subfield code="c">١٩٦٢-</subfield>
</datafield>
<datafield tag="880" ind1="0" ind2=" ">
<subfield code="6">490-04/</subfield>
<subfield code="a">سلسلة الثقافة الشعبية ؛</subfield>
<subfield code="v">٤٥</subfield>
</datafield>
<datafield tag="880" ind1="1" ind2=" ">
<subfield code="6">700-05/</subfield>
<subfield code="a">سفر، فؤاد.</subfield>
</datafield>
<datafield tag="OWN" ind1=" " ind2=" ">
<subfield code="a">GENERAL</subfield>
</datafield>
<datafield tag="998" ind1=" " ind2=" ">
<subfield code="a">20001009</subfield>
<subfield code="d">20001009</subfield>
<subfield code="d">20030326</subfield>
<subfield code="n">NNU</subfield>
<subfield code="s">1</subfield>
<subfield code="t">c</subfield>
<subfield code="z">e</subfield>
</datafield>
<datafield tag="AVA" ind1=" " ind2=" ">
<subfield code="a">NYU50</subfield>
<subfield code="b">BOBST</subfield>
<subfield code="c">Main Collection</subfield>
<subfield code="d">DS69.5 .B3</subfield>
<subfield code="e">unavailable</subfield>
<subfield code="t">Unavailable</subfield>
<subfield code="f">3</subfield>
<subfield code="g">3</subfield>
<subfield code="h">Y</subfield>
<subfield code="i">0</subfield>
<subfield code="j">MAIN</subfield>
<subfield code="k">0</subfield>
</datafield>
</record>
